%%
%%  bibliography for newville thesis and papers         BiBTeX
%%
@string{jjap = "Japanese Journal of Applied Physics"}
@string{jacs = "Journal of the American Chemical Society"}
@string{jap  = "Journal of Applied Physics"}
@string{jchemp = "Journal of Chemical Physics"}
@string{jphysc = "Journal of Physics C"}
@string{nim  = "Nuclear Instruments and Methods"}
@string{pr   = "Physical Review"}
@string{prb  = "Physical Review B"}
@string{prl  = "Physical Review Letters"}
@string{ny   = "New York"}
@string{chemanal = "Chemical Analysis"}
@string{xbible = "{X-ray Absorption: Principles, Applications,
                  Techniques of {EXAFS}, {SEXAFS}, and {XANES}}"}
@book{A&M,
  author  = "Neil W. Ashcroft and N. David Mermin",
  title   = "{Solid State Physics}",
  publisher = "{Holt, Rinehart and Winston}",
  address = ny,
  year    = "1976"}
@book{TclBook,
  author  = "John K. Ousterhout",
  title   = "{Tcl and the Tk Toolkit}",
  publisher = "{Addison-Wesley}",
  address = {Menlo Park, CA},
  year    = "1994"}
@book{CamelBook,
  author  = "Larry Wall and Tom Christianson and Randal L. Schwartz",
  title   = "{Programming Perl}",
  publisher = "{O'Reilly}",
  address = {Sebastopol, CA},
  year    = "1997"}
@book{LearningPerl,
  author  = "Randal L. Schwartz and Tom Christianson",
  title   = "{Learning Perl, 2nd Edition}",
  publisher = "{O'Reilly}",
  address =  {Sebastopol, CA},
  year    = "1997"}
@book{LearningPython,
  author  = "Mark Lutz and David Ascher",
  title   = "{Learning Python}",
  publisher = "{O'Reilly}",
  address =  {Sebastopol, CA},
  year    = "1999"}

@book{AIPhandbook,
  author  = "American Institute of Physics",
  title   = "{American Institute of Physics Handbook}",
  publisher = "McGraw-Hill",
  year    = "1972",
  edition = "3rd",
  note    = "Cu, 4-123; Pt, 4-127"}
@article{AUTOBK,
  author  = "M. Newville and {P. L\=\i vi\c n\v s} and 
               Y. Yacoby and J. J. Rehr and E. A. Stern",
  title   = "{Near-edge x-ray-absorption fine structure of
               Pb: A comparison of theory and experiment}",
  journal = prb,
  year    = 1993,
  volume  = 47,
  number  = 21,
  pages   = "14126--14131"}
@article{AXAFS,
  author  = "J. J. Rehr and C. H. Booth and F. Bridges and
               S. I. Zabinsky",
  title   = "X-ray-absorption fine structure in embedded atoms",
  journal = prb,
  year    = "1994",
  volume  = "49",
  number  = "17",
  notes   = "rapid communications",
  pages   = "12347--12350"}
@inproceedings{Amorph,
  author  = "E. D. Crozier and J. J. Rehr and R. Ingalls",
  title   = "Amorphous and Liquid Systems",
  booktitle = xbible,
  publisher = "John Wiley \& Sons",
  address = ny,
  year    = "1988",
  editor  = "D. C. Koningsberger and R. Prins",
  series  = chemanal,
  volume  = "92",
  pages   = "375--384"}
@article{Ankudinov&Rehr,
  author  = "A. Ankudinov and J. J. Rehr",
  title   = "Sum rules for polarization-dependent x-ray absorption",
  journal = prb,
  year    = "1995",
  volume  = "51",
  number  = "2",
  pages   = "1282--1285"}
@article{Beni&Platzman,
author  = "G. Beni and P. M. Platzman",
title   = "Temperature an polarization dependence of extended
             x-ray-absorption fine-structure spectra",
journal = prb,
year    = "1976",
volume  = "14",
number  = "4",
pages   = "1514--1518"}
@book{Bevington,
author  = "P. R. Bevington",
title   = "{Data Reduction and Error Analysis 
             for the Physical Sciences}",
publisher = "McGraw-Hill",
year    = "1969",
address = ny}
@article{Binsted-JACS,
  author  = "N. Binsted and S. L. Cook and J. Evans and G. N. Greaves and
		  R. J. Price", 
  title   = " ",
  journal = jacs,
  year    = "1987",
  volume  = "109",
  pages   = "3669"}
@article{Bridges-S02,
author  = "G. G. Li and F. Bridges and C. H. Booth",
title   = "{XAFS Standards: A Comparison of Experiment and Theory}",
journal = "in progress",
year    = "1995",
volume  = " ",
number  = " ",
pages   = " "}
@book{Brillouin,
author  = "L. Brillouin",
title   = "{Science and Information Theory}",
publisher = "Academic Press",
address = ny,
year    = "1962"}
@article{Cook&Sayers,
author  = "J. W. Cook Jr. and D. E. Sayers",
title   = "Criteria for automatic x-ray absorption fine 
             structure background removal",
journal = jap,
year    = "1981",
volume  = "52",
number  = "8",
pages   = "5924--5031"}
@article{Cox-GaPu,
  author  = "L. E. Cox and R. Martinez and J. H. Nickel and S. D.
                  Conradson and P. G. Allen",
  title   =  "{Short-range atomic structure of 1 wt.\% Ga delta -stabilized
                  plutonium by x-ray-absorption fine-structure
                  spectroscopy}", 
  journal = prb,
  year    = 1995,
  volume  = 51,
  number  = 2, 
  pages   = "751--755"}
@article{Crozier&Seary,
author  = "E. D. Crozier and A. J. Seary",
title   = "Asymmetric effects in the Extended x-ray absorption fine
             structure of solid and liquid zinc",
journal = "Canadian Journal of Physics",
year    = "1980",
volume  = "58",
pages   = "1388--1399"}
@article{Crozier-AsSe,
author  = "E. D. Crozier and F. W. Lytle and D. E. Sayers and E. A.
             Stern", 
title   = "Structural determinations of liquid semiconductors using
             extended x-ray absorption fine structure",
journal = "Canadian Journal of Chemistry",
year    = "1977",
volume  = "55",
pages   = "1968--1974"}
@article{Cumul-GB,
author  = "G. Bunker",
title   = "Application of the ratio method of {EXAFS} analysis
              to disordered systems",
journal = nim,
year    = "1983",
volume  = "207",
pages   = "437--444"}
@book{Cusack,
   author  = "N. E. Cusack",
   title   = "{The Physics of Structurally Disordered Matter: An
                  Introduction}",  
publisher= "Adam Higler: University of Sussex Press",
year    = "1987",
address = "Bristol, UK"}
@inproceedings{DAFSChapter,
author   = "L. B. Sorensen and J. O. Cross and M. Newville and B. Ravel
                  and J. J. Rehr and H. Stragier and C. E.
                  Bouldin and J. C. Woicik",
title    = "{Diffraction anomalous fine structure: unifying x-ray
                  diffraction and x-ray absorption with DAFS}", 
booktitle= "{Resonant Anomalous X-Ray Scattering: Theory and
                  Applications}",    
publisher= "North-Holland",
address  = "Amsterdam",
year     = "1994",
editor   = "G. Materlik and C. J. Sparks and K. Fischer",
pages    = "389--420"}
@article{DAFSprl,
author  = "H. Stragier and J. O. Cross and J. J. Rehr  and
             L. B. Sorensen and C. E. Bouldin and J. C. Woicik",
title   = "{Diffraction anomalous fine structure: A new x-ray 
             structural technique}",
journal = prl,
year    = "1992",
volume  = "69",
number  = "21",
pages   = "3064--3067"}
@article{EXAFS-1,
author  = "E. A. Stern",
title   = "Theory of the extended x-ray-absorption fine structure",
journal = prb,
year    = "1974",
volume  = "10",
number  = "5",
pages   = "3027--3037"}
@article{EXAFS-2,
author  = "F. W. Lytle and D. E. Sayers and E. A. Stern",
title   = "Extended x-ray-absorption fine-structure technique. {II.}
             {E}xperimental practice and selected results",
journal = prb,
year    = "1975",
volume  = "11",
number  = "12",
pages   = "4825-4835"}
@article{EXAFS-3,
author  = "E. A. Stern and D. E. Sayers and F. W. Lytle",
title   = "Extended x-ray-absorption fine-structure technique. {III.}
             {D}etermination of physical parameters",
journal = prb,
year    = "1975",
volume  = "11",
number  = "12",
pages   = "4836-4848"}
@book{Elliott-amorph,
author  = "S. R. Elliott",
title   = "{Physics of Amorphous Materials}",
edition = "2nd",
publisher = "Longman Scienific and Technical",
year    = "1990",
address = "Essex, England"}
@article{FEFF4,
author  = "Mustre de Leon, J. and J. J. Rehr and S. I. Zabinsky",
title   = "{{\it Ab initio} curved-wave x-ray-absorption 
             fine structure}",
journal = prb,
year    = "1991",
volume  = "44",
number  = "9",
pages   = "4146--4156"}
@article{FEFF5,
author  = "S. I. Zabinsky  and J. J. Rehr and 
             A. Ankudinov and R. C. Albers and M. J. Eller",
title   = "Multiple-scattering calculations of x-ray-absorption 
             spectra",
journal = prb,
year    = "1995",
volume  = "52",
number  = "4",
pages   = "2995--3009"}
@book{FFT,
author  = "E. O. Brigham",
title   = "{The Fast Fourier Transform}",
publisher = "Prentice-Hall",
address = "Englewood Cliffs, NJ",
year    = "1974"}
@article{Filipponi-theory,
author  = "A.  Filipponi and A. Di Cicco and C. R. Natoli",
title   = "{X-ray-absorption spectroscopy and $n$-body distribution
            functions in condensed matter. I. Theory}",
journal = prb,
year    = "1995",
volume  = "52",
number  = "21",
pages   = "15122--15134"}
@article{Filipponi-anal,
author  = "A.  Filipponi and A. Di Cicco",
title   = "{X-ray-absorption spectroscopy and $n$-body distribution
            functions in condensed matter. II. Data analysis and
            applications}", 
journal = prb,
year    = "1995",
volume  = "52",
number  = "21",
pages   = "15135--15149"}
@article{Ellis&Freeman-XFIT,
author  = "P. J. Ellis and H. C. Freeman",
title   = "{XFIT -- an interactive EXAFS analysis program}",
journal = "Journal of Synchrotron Radiation",
year    = "1995",
volume  = "2",
part    = "4",
pages   = "190--195"}
@misc{EXCURVE-Note,
author  = "N. Binstead and J. W. Campbell and S. J. Gurman and P. C.
           Stephenson",
title   = "{The Daresbury Laboratory {\sc excurve} program}",
publisher = "Daresbury Laboratory",
address   = "Warrington, England"}
@article{Fontaine-alcu,
author  = "A. Fontaine and P. Lagarde and A. Naudon amd D. Raoux and D.
      Spanjaard", 
title   = "{EXAFS} studies of {Al-Cu} alloys",
journal = "Philosophical Magazine B",
year    = "1979",
volume  = "40",
number  = "1",
pages   = "17--30"}
@article{Frenkel&Rehr,
author  = "A. I. Frenkel and J. J. Rehr",
title   = "Thermal expansion and x-ray-absorption fine-structure
             cumulants",
journal = prb,
year    = "1993",
volume  = "48",
number  = "1",
pages   = "585--588"}
@article{Frenkel-XAFS8,
author  = "A. Frenkel and A. Voronel and A. Katzir and M. Newville and 
           E. A. Stern",
title   = "Buckled crystalline structure of disordered mixed salts",
journal = "Physica B",
year    = 1995,
volume  = "208\&209",
notes   = "part of XAFS VIII conference",
pages   = "334--336"}
@article{Frenkel-mixed,
author  = "A.  Frenkel and E. A. Stern and A. Voronel
             and  M. Qian and  M. Newville",
title   = "Buckled Crystalline Structure of Mixed Ionic Salts",
journal = prl,
year    = "1993",
volume  = "71",
number  = "21",
pages   = "3485--3488"}
@article{Frenkel-salts,
author  = "A. I. Frenkel and E. A. Stern and A. Voronel
             and  M. Qian and  M. Newville",
title   = "Multiple-scattering x-ray-absorption fine-structure
             analysis and thermal expansion of alkali halides",
journal = prb,
year    = "1993",
volume  = "48",
number  = "17",
pages   = "12449--12458"}
@article{Frenkel-solving,
author  = "A.  Frenkel and E. A. Stern and A. Voronel
             and  M. Qian and  M. Newville",
title   = "Solving the structure of disordered mixed salts",
journal = prb,
year    = "1994",
volume  = "49",
number  = "17",
pages   = "11662--11674"}
@article{Freund&Ingalls&Crozier,
author  = "J. Freund and R. Ingalls and E. D. Crozier",
title   = "Extended x-ray-absorption fine-structure study of
      alkali-metal halides under high pressure",
journal = prb,
year    = "1991",
volume  = "43",
number  = "12",
pages   = "9894--9905"}
@article{Fujikawa&Miyanaga1,
author  = "T. Fujikawa and T. Miyanaga",
title  = "{Quantum statistical approach to Debye-Waller Factor in EXAFS,
                  EELS and ARXPS. I.  Anharmonic contribution in plane-wave
                  approximation}", 
 journal = "{Journal of the Physical Society of Japan}",
 year    = 1993,
 volume  = 62,
 number  = 11,
 pages   = "4108--4022"}
@misc{GBunker-ICSC,
author       = "G. Bunker",
title        = "{Elements of EXAFS Analysis}",
year         = "1993",
note         = "Tutorial for the International XAFS Society 
                  Subcommittee on Standards and Criteria",
howpublished = "unpublished"}
@article{Greegor&Lytle,
author  = "R. B. Greegor and F. W. Lytle",
title   = "Extended x-ray absorption fine structure determination of
             thermal disorder in {Cu}: {Comparison} of theory and
             experiment", 
journal = prb,
volume  = "20",
number  = "12",
year    = "1979",
pages   = "4902--4907"}
@article{HL,
author  = "L. Hedin and B. I. Lundqvist",
title   = "Explicit local exchange-correlation potentials",
journal = jphysc,
year    = "1971",
volume  = "4",
pages   = "2064--2083"}
@article{Crozier-XAFS8,
author  = "E. D. Crozier",
title   = "Impact of the asymmetric pair distribution function in the
                  analysis of {XAFS}",
journal = "Physica B",
year    = 1995,
volume  = "208\&209",
notes   = "part of XAFS VIII conference",
pages   = "330--333"}
@inproceedings{Hayes&Boyce,
author  = "T. M. Hayes and J. B. Boyce",
title   = "{Extended X-Ray Absorption Fine Structure Spectroscopy}",
booktitle = "{Solid State Physics}",
publisher = "Academic Press",
address = ny, 
year    = 1982,
editor  = "H. Ehrenreich and F. Seitz and D. Turnbull",
series  = "Solid State Physics",
volume  = 37,
pages   = "173--351"}
@article{Holland,
author  = "B. W. Holland  and J. B. Pendry and 
             R. B. Pettifer and J. Bordas",
title   = "{Atomic origin of structure in EXAFS experiments}",
journal = jphysc,
year    = "1978",
volume  = "11",
pages   = "633--642"}


@article{Ingalls-1,
author  = "R. Ingalls and E. D. Crozier and J. E. Whitmore and A. J.
             Seary and J. M. Tranquada",
title   = "Extended x-ray absorption fine structure of {NaBr} and {Ge}
             at high pressures",
journal = "Journal of Applied Physics",
year    = "1980",
volume  = "51",
number  = "6",
pages   = "3158--3163"}
@book{Kendall,
author  = "M. G. Kendall",
title   = "{The Advanced Theory of Statistics}",
volume  = "1",
publisher = "Charles Griffin \& Co. Ltd.",
year    = "1958",
address = "London"}
@article{Keski,
author  = "O. Keski-Rahkonen and M. O. Krause",
title   = "Total and partial atomic-level widths",
journal = "Atomic Data and Nuclear Data Tables",
year    = "1974",
volume  = "14",
number  = "2",
pages   = "140--146"}
@book{Kittel-intro,
author  = "Charles Kittel",
title   = "{Introduction to Solid State Physics}",
publisher = "John Wiley \& Sons",
edition = "6th",
year    = "1986"}
@article{Knapp-dwf,
author  = "G. S. Knapp and H. K. Pan and J. M. Tranquada",
title   = "Extended x-ray absorption fine-structure {Einstein} 
             frequency and moments of the phonon spectrum: {An}
             experimental and theoretical study",
journal = prb,
year    = "1985",
volume  = "32",
number  = "4",
pages   = "2006--2009"}
@article{Ishii-dwf,
author  = "Tadao Ishii",
title   = "Note on the {K} extended x-ray absorption fine-structure
                  Debye-Waller factor",
journal = "J. Phys: Condens. Matter",
year    = "1992",
volume  = "4",
pages   = "8029--8034"}
@article{Dalba-anharm,
author  = "G. Dalba and P. Fornasini and R. Gotter and F. Rocca",
title   = "Anharmonicity effects of the extended x-ray absorption fine
                  structure: The case of {$\beta$-AgI}",
journal = prb,
year    = "1995",
volume  = "52",
number  = "1",
pages   = "149--157"}
@article{Dalba-noncryst,
author  = "G. Dalba and P. Fornasini and D. Diop and M. Grazioli and F. Rocca",
title   = "Local structure and dynamics of amorphous germanium studied by
                  the cumulant expansion of {EXAFS}", 
journal = "J. of Non-Crystalline Solids",
volume  = "164--166",
year    = "1993",
pages   = "159--162"}
@article{Hosokawa-noncryst,
author = "S. Hosokawa and S. Yamada and  K. Tamura",
title  = "Density measurements for liquid Se-Te mixtures at high
                  temperatures and pressures", 
journal = "J. of Non-Crystalline Solids",
volume  = "156--158",
year    = "1993",
pages   = "708--711"}
@article{Kamiya-etal,
author = "K. Kamiya and K. Okasaka and M. Wada and H. Nasu and T. Yoko",
title = "Extended X-ray absorption fine structure {(EXAFS)} study on the
                  local environment around copper in low thermal expansion
                  copper aluminosilicate glasses", 
journal = "J. of Am. Ceramic Soc.",
volume  = "75",
number  = "2",
year    = "1992",
pages   = "477-478"}
@book{L&L-statmech,
author  = "L. D. Landau and E. M. Lifshitz",
title   = "{Statistical Physics}",
publisher = "Addison-Wesley",
address = ny, 
edition = "2nd",
year    = "1969"}
@article{Lee&Beni,
author  = "P. A. Lee and G. Beni",
journal = prb,
year    = "1977",
volume  = "15",
pages   = "2862"}
@article{Lee&Citrin,
author  = "P. A. Lee and P. H. Citrin and P. Eisenberger and 
             B. M. Kincaid",
title   = "Extended x-ray absorption fine structure --- its
             strengths and limitations as a structural tool",
journal = "Reviews of modern physics",
year    = "1981",
volume  = "53",
number  = "4",
pages   = "769--806"}
@article{Lee&Pendry,
author  = "P. A. Lee and J. B. Pendry",
title   = "{Theory of extended x-ray absorption fine-structure}",
journal = prb,
year    = "1975",
volume  = "11",
number  = "8",
pages   = "2795--2811"}
@article{Li&Bridges,
author  = "G. Li and F. Bridges and G. S. Brown",
title   = "Multielectron X-Ray Photoexcitation Observations 
             in X-Ray-Absorption Fine-Structure Background",
journal = prl,
year    = "1992",
volume  = "68",
number  = "10",
pages   = "1609--1612"}
@article{Lottici,
author  = "P. P. Lottici",
title   = "Extended x-ray absorption fine-structure
             {Debye-Waller} factors and vibrational density of states 
             in amorphous arsenic",
journal = prb,
year    = "1987",
volume  = "35",
number  = "3",
pages   = "1236--1241"}
@article{MN-feffit-XAFS8,
author  = "M. Newville and B. Ravel and D. Haskel and J. J. Rehr and 
           E. A. Stern and Y. Yacoby",
title   = "Analysis of multiple-scattering XAFS data using theoretical
           standards",
journal = "Physica B",
year    = 1995,
volume  = "208\&209",
notes   = "part of XAFS VIII conference",
pages   = "154--156"}
@article{MN-impure-XAFS8,
author  = "M. Newville and E. A. Stern",
title   = "The temperature dependence of substitutional impurities in Ag
           as measured by XAFS",
journal = "Physica B",
year    = 1995,
volume  = "208\&209",
notes   = "part of XAFS VIII conference",
pages   = "369--370"}
@article{Maradudin&Flinn,
author  = "A. A. Maradudin and P. A. Flinn",
title   = "{Anharmonic Contributions to the Debye-Waller Factor}",
journal = pr,
year    = "1963",
volume  = "129",
number  = "6",
pages   = "2529--2547"}
@article{Marquardt,
author  = "D. W. Marquardt",
journal = "Journal of the Society for Industrial and 
             Applied Mathematics",
year    = "1963",
volume  = "11",
pages   = "431--441"}
@book{McMaster,
author  = "W. H. {McMaster} and N. Kerr-Del Grande  and 
             J. H. Mallett and J. H. Hubbell",
title   = "{Compilation of X-ray Cross Sections.
             Lawrence Radiation Laboratory Report UCRL-50174}",
publisher = "National Bureau of Standards",
year    = "1969",
address = "Springfield, VA"}
@misc{McM-online,
author  = "P. Bandyopadhyay", 
title   = "{On-Line X-ray Cross Sections Based on the McMaster Tables}",
note    = "http://www.csrii.iit.edu/",
year    = "1995"}
@book{Messiah,
author  = "A. Messiah",
title   = "{Quantum Mechanics}",
publisher = "John  Wiley \& Sons",
year    = "1966"}
@article{Miyanaga&Fujikawa2,
author  = "T. Miyanaga and T. Fujikawa",
title  = "{Quantum statistical approach to Debye-Waller Factor in EXAFS,
                  EELS and ARXPS. II.  Application to one-dimensional
                  models}", 
 journal = "{Journal of the Physical Society of Japan}",
year   = 1994,
 volume  = 63,
 number  = 3,
 pages   = "1036--1052"}
@article{Miyanaga&Fujikawa3,
author  = "T. Miyanaga and T. Fujikawa",
title  = "{Quantum statistical approach to Debye-Waller Factor in EXAFS,
                  EELS and ARXPS. III. Applicability of Debye and Einstein
                  approximation}", 
 journal = "{Journal of the Physical Society of Japan}",
year   = 1994,
 volume  = 63,
 number  = 10,
 pages   = "3683--3690"}
pages   = "197--212"}
@book{NumRec,
author  = "W. H. Press and S. A. Teukolsky and 
             W. T. Vetterling and B. P. Flannery",
title   = "{Numerical Recipes in FORTRAN}",
publisher = "Cambridge University Press",
address = "Cambridge",
edition = "2nd",
year    = "1992"}
@article{ODay,
author  = "P. A. O'Day and J. J. Rehr and S. I. Zabinsky and G. Brown",
title   = "Extended {X}-ray Absorption Fine Structure ({EXAFS}) 
             Analysis of Disorder and Multiple-Scattering in Complex
             Crystalline Solids",
journal = jacs,
year    = "1994",
volume  = "116",
number  = "7",
pages   = "2938--2949" }
@article{Pbmelt,
author  = "E. A. Stern and {P. L\=\i vi\c n\v s} and Z. Zhang",
title   = "Thermal Vibration and Melting from a Local Perspective",
journal = prb,
year    = 1991,
volume  = 43,
pages   = "8850--8860"}
@book{Wyckoff,
author  = "Ralph W. G.  Wyckoff",
title   = "Crystal Structures",
publisher = "Interscience",
edition = "2nd",
year    = "1963",
address = "New York"}
@article{Quinn,
  author  = "J. J. Quinn",
  title   = "Range of excited electrons in metals",
  journal = pr,
  year    = "1962",
  volume  = "126",
  number  = "4",
  pages   = "1453--1457"}
@article{RAZ,
  author  = "J. J. Rehr and R. C. Albers and S. I. Zabinsky",
  title   = "High-order multiple-scattering calculations of
               x-ray-absorption fine structure",
  journal = prl,
  year    = "1992",
  volume  = "69",
  number  = "23",
  pages   = "3397--3400"}
@article{RDF,
  author  = "E. A. Stern and Y. Ma and O. Hanske-Petitpierre",
  title   = "Radial distribution function in x-ray-absorption
               fine structure",
  journal = prb,
  year    = "1992",
  volume  = "46",
  number  = "2",
  pages   = "687--694"}
@article{Ravel-XAFS8,
author  = "B. Ravel and E. A. Stern",
title   = "Local disorder and near edge structure in titanate
           perovskites",
journal = "Physica B",
year    = 1995,
volume  = "208\&209",
notes   = "part of XAFS VIII conference",
pages   = "316--318"}
@article{Rechav-prl,
  author  = "B. Rechav and Y. Yacoby and  E. A. Stern and J. J. Rehr  
               M. Newville",
  title   = "Local Structure below and above the Antiferrodistortive
               Phase Transition",
  journal = prl,
  year    = "1994",
  volume  = "72",
  number  = "9",
  pages   = "1352--1355"}
@article{Rehr&Albers,
  author  = "J. J. Rehr and R. C. Albers",
  title   = "Scattering-matrix formulation of curved-wave
               multiple-scattering theory:  {Application} to 
               x-ray-absorption fine structure",
  journal = prb,
  year    = "1990",
  volume  = "41",
  number  = "12",
  pages   = "8139--8149"}
@article{Rehr-AXAFS-XAFS8,
  author  = "J. J. Rehr and S. I. Zabinsky and A. Ankudinov and 
             R. C. Albers",
  title   = "Atomic-XAFS and XANES",
  journal = "Physica B",
  year    = 1995,
  volume  = "208\&209",
  notes   = "part of XAFS VIII conference",
  pages   = "23--26"}
@article{Rehr-JACS,
  author  = "J. J. Rehr and Mustre de Leon, J. 
               and S. I. Zabinsky and R. C. Albers",
  title   = "Theoretical x-ray absorption fine structure standards",
  journal = jacs,
  year    = "1991",
  volume  = "113",
  number  = "14",
  pages   = "5135--5140"}
@article{Rehr-s02,
  author  = "J. J. Rehr  and E. A. Stern and R. L. Martin and
               E. R. Davidson",
  title   = "Extended x-ray-absorption fine-structure amplitudes ---
               Wave-function relaxation and chemical effect",
  journal = prb,
  year    = "1978",
  volume  = "17",
  number  = "2",
  pages   = "560--565"}
@article{Speder&Rennert-XAFS8,
  author  = "O. Speder and P. Rennert",
  title   = "{Influence of spherical wave corrections on the temperature
                  dependence of XAFS multiple scattering processes}",
  journal = "Physica B",
  year    = "1995",
  volume  = "208\&209",
  pages   = "157--158"}
@article{Rennert,
  author  = "P. Rennert",
  title   = "{Calculation of the XAFS Debye-Waller Factor with
                Spherical-Wave Corrections}",
  journal = jjap,
  year    = 1993,
  volume  = 32,
  pages   = "79--82",
  note    = "Suppl.~32--2" }
@article{Brouder,
  author  = "C. Brouder",
  title   = "{Disorder effects on curved-wave extended x-ray absorption
                  fine structure}",
  journal = "J. Phys. C: Solid State Phys",
  year    = 1988,
  volume  = 21,
  pages   = "5075--5086"}
@article{Roentgen,
  author  = "Roentgen",
  journal = "z. phys.",
  year    = "1895"}
@article{Rose&Shapiro,
  author  = "M. E. Rose and M. M. Shapiro",
  title   = "Statistical errors in absorption experiments", 
  journal = pr,
  year    = "1948",
  volume  = "74",
  number  = "12",
  pages   = "1853--1864"}
@inproceedings{SEXAFS,
  author  = "{J. St\"ohr}",
  title   = "{SEXAFS: Everything You Always Wanted to Know  
               But Were Afraid to Ask}",
  booktitle = xbible,
  publisher = "John Wiley \& Sons",
  address = ny, 
  year    = "1988",
  editor  = "D. C. Koningsberger and R. Prins",
  series  = chemanal, 
  volume  = "92",
  pages   = "452"}
@book{Sakurai,
  author  = "J. J. Sakurai",
  title   = "{Modern Quantum Mechanics}",
  publisher = "Addison-Wesley",
  year    = "1985"}
@inproceedings{Sayers&Bunker,
  author  = "D. E. Sayers and B.A. Bunker",
  title   = "Data Analysis",
  booktitle = xbible,
  publisher = "John Wiley \& Sons",
  address = ny, 
  year    = 1988,
  editor  = "D. C. Koningsberger and R. Prins",
  series  = chemanal, 
  volume  = 92,
  chapter = 6,
  pages   = 211}
@article{Scheuer&Lengeler,
  author  = "U. Scheuer and B. Lengeler",
  title   = "Lattice distortions of solute atoms in metals 
               studied by x-ray-absorption fine structure",
  journal = prb,
  year    = 1991,
  volume  = 44,
  number  = 18,
  pages   = "9883--9894"}
@article{Sevillano,
  author  = "E. Sevillano and H. Meuth and J. J. Rehr",
  title   = "Extended x-ray absorption fine structure
               {Debye-Waller} factors. {I}.  {M}onatomic crystals",
  journal = prb,
  year    = "1979",
  volume  = "20",
  number  = "12",
  pages   = "4908--4911"}
@article{Stand&Crit,
  author  = "F. W. Lytle and D. E. Sayers and E. A. Stern",
  title   = "Report on the International Workshop on Standards and 
               Criteria in X-ray Absorption Spectroscopies",
  journal = "Physica B",
  year    = 1989,
  volume  = 158,
  pages   = "701--722"}
@article{Stern&Bunker&Heald,
  author  = "E. A. Stern and B. A. Bunker and S. M. Heald",
  title   = "Many-body effects on extended x-ray absorption 
                    fine structure amplitudes",
  journal = prb,
  year    = "1980",
  volume  = "21",
  number  = "12",
  pages   = "5521--5539"}
@inproceedings{Stern&Heald,
  author  = "E. A. Stern and S. M. Heald",
  title   = "{Basic Principles and Applications of EXAFS}",
  booktitle = "{Handbook of Synchrotron Radiation}",
  publisher = "North-Holland",
  address = ny, 
  year    = 1983,
  editor  = "E. E. Koch",
  chapter = 10,
  pages   = "995--1014"}
@article{Stern-XAFS8,
author  = "E. A. Stern and M. Newville and B. Ravel and 
           Y. Yacoby and D. Haskel",
title   = "The {UWXAFS} analysis package: philosophy and details",
journal = "Physica B",
year    = 1995,
volume  = "208\&209",
notes   = "part of XAFS VIII conference",
pages   = "117--120"}
@article{Stern-idp+2,
  author  = "E. A. Stern",
  title   = "Number of relevant independent points in 
                  X-ray-absorption fine-structure spectra",  
  journal = prb,
  volume  = "48",
  number  = "13",
  year    = "1993",
  pages   = "9825--9827"}
@article{Tranq&Ingalls,
  author  = "J. M. Tranquada and R. Ingalls",
  title   = "Extended x-ray-absorption fine-structure study of
                anharmonicity in {CuBr}",
  journal = prb,
  year    = "1983",
  volume  = "28",
  number  = "6",
  pages   = "3520--3528"}
@article{Troger-XAFS8,
  author  = "{L. Tr\"oger and D. Arvanitis and T. Yokoyama and K.
                  Baberschke}", 
  title   =  "Local dynamics and local thermal expansion around light elements
                  in the bulk and on surfaces", 
  journal = "Physica B",
  year    = "1995",
  volume  = "208\&209",
  notes   = "part of XAFS VIII conference",
  pages   = "267--268"}
@article{Troger-prb94,
  author= "{L. Tr\"oger and T. Yokoyama and D. Arvanitis and T. Lederer
                  and  M.  Tischer and K. Baberschke}", 
  title = "Determination of bond lengths, atomic mean-square relative
                  displacements, and local thermal expansion by means of
                  soft-x-ray photoabsorption", 
  journal = prb,
  year  = "1994",
  volume= "49",
  number= "2",
  pages = "888--903"}
@article{Tweet&Akimoto,
  author  = "D. J. Tweet and K. Akimoto",
  title   = "Solving an interfacial structure with multiple wavelength
               anomalous dispersion {(MAD)}",
  journal = "Modern Physics Letters B",
  year    = "1994",
  volume  = "8",
  number  = "12",
  pages   = "721--737"}
@article{Vaarkamp,
  author  = "M. Vaarkampe and I. Dring and R. J. Oldman and 
                  E. A. Stern and D. C. Koningsberger",
  title   = "Comparison of theoretical methods for the calculation
                  of extended X-ray-absorption fine structure",
  journal = prb,
  volume  = "50",
  number  = "11",
  year    = "1994",
  pages   = "7872--7883"}
@book{Waseda-NonCryst,
  author  = "Y. Waseda",
  title   = "{The Structure of Non-Crystalline Materials}",
  publisher = "McGraw-Hill",
  year    = "1980",
  address = ny}
@book{XAFSbible,
  editor  = "D. C. Koningsberger  and R. Prins",
  title   = xbible,
  publisher = "John Wiley \& Sons",
  address = ny, 
  year    = 1988,
  series  = chemanal,
  volume  = 92}
@book{deBoor,
  author  = "C. deBoor",
  title   = "{A practical guide to splines}",
  publisher = "Springer-Verlag",
  year    = "1978",
  address = ny}
@book{synchrotron-handbook,
  title   = "{Handbook of Synchrotron Radiation}",
  publisher = "North-Holland",
  address = ny, 
  year    = 1983,
  editor  = "E. E. Koch"}
